% ********** Bibliography **********

@inproceedings{mikolov2013distributed,
  title={Distributed representations of words and phrases and their compositionality},
  author={Mikolov, Tomas and Sutskever, Ilya and Chen, Kai and Corrado, Greg S and Dean, Jeff},
  booktitle={Advances in neural information processing systems},
  pages={3111--3119},
  year={2013}
}

@article{mikolov2013efficient,
  title={Efficient estimation of word representations in vector space},
  author={Mikolov, Tomas and Chen, Kai and Corrado, Greg and Dean, Jeffrey},
  journal={arXiv preprint arXiv:1301.3781},
  year={2013}
}

@inproceedings{rehurek_lrec,
      title = {{Software Framework for Topic Modelling with Large Corpora}},
      author = {Radim {\v R}eh{\r u}{\v r}ek and Petr Sojka},
      booktitle = {{Proceedings of the LREC 2010 Workshop on New
           Challenges for NLP Frameworks}},
      pages = {45--50},
      year = 2010,
      month = May,
      day = 22,
      publisher = {ELRA},
      address = {Valletta, Malta},
      note={\url{http://is.muni.cz/publication/884893/en}},
      language={English}
}

@article{onan2018ensemble,
  title={An ensemble scheme based on language function analysis and feature engineering for text genre classification},
  author={Onan, Aytu{\u{g}}},
  journal={Journal of Information Science},
  volume={44},
  number={1},
  pages={28--47},
  year={2018},
  publisher={SAGE Publications Sage UK: London, England}
}

@inproceedings{dai2018fine,
  title={Fine-grained Structure-based News Genre Categorization},
  author={Dai, Zeyu and Taneja, Himanshu and Huang, Ruihong},
  booktitle={Proceedings of the Workshop Events and Stories in the News 2018},
  pages={61--67},
  year={2018}
}

@inproceedings{worsham2018genre,
  title={Genre Identification and the Compositional Effect of Genre in Literature},
  author={Worsham, Joseph and Kalita, Jugal},
  booktitle={Proceedings of the 27th International Conference on Computational Linguistics},
  pages={1963--1973},
  year={2018}
}

@article{bilgin2018utilizing,
  title={Utilizing a Transparency-driven Environment toward Trusted Automatic Genre Classification: A Case Study in Journalism History},
  author={Bilgin, Aysenur and Hollink, Laura and van Ossenbruggen, Jacco and Sang, Erik Tjong Kim and Smeenk, Kim and Harbers, Frank and Broersma, Marcel},
  journal={arXiv preprint arXiv:1810.00968},
  year={2018}
}

@inproceedings{rehurek_lrec,
      title = {{Software Framework for Topic Modelling with Large Corpora}},
      author = {Radim {\v R}eh{\r u}{\v r}ek and Petr Sojka},
      booktitle = {{Proceedings of the LREC 2010 Workshop on New
           Challenges for NLP Frameworks}},
      pages = {45--50},
      year = 2010,
      month = May,
      day = 22,
      publisher = {ELRA},
      address = {Valletta, Malta},
      note={\url{http://is.muni.cz/publication/884893/en}},
      language={English}
}

% New Citation | Sep 2018

@article{pritsos2018open,
  title={Open set evaluation of web genre identification},
  author={Pritsos, Dimitrios and Stamatatos, Efstathios},
  journal={Language Resources and Evaluation},
  pages={1--20},
  year={2018},
  publisher={Springer}
}

% New Citation | Oct 2016

@article{scheirer2013toward,
  title={Toward open set recognition},
  author={Scheirer, Walter J and de Rezende Rocha, Anderson and Sapkota, Archana and Boult, Terrance E},
  journal={IEEE transactions on pattern analysis and machine intelligence},
  volume={35},
  number={7},
  pages={1757--1772},
  year={2013},
  publisher={IEEE}
}

% New Citation | April 2016

@article{abramson2012_URL,
  title={What’s in a URL? Genre Classification from URLs},
  author={Abramson, Myriam and Aha, David W},
  journal={Intelligent techniques for web personalization and recommender systems. aaai technical report. Association for the Advancement of Artificial Intelligence},
  year={2012}
}

@inproceedings{jebari2014pure_URL,
  title={A Pure URL-Based Genre Classification of Web Pages},
  author={Jebari, Chaker},
  booktitle={Database and Expert Systems Applications (DEXA), 2014 25th International Workshop on},
  pages={233--237},
  year={2014},
  organization={IEEE}
}

@article{jebari2015combination,
  title={A Combination based on OWA Operators for Multi-label Genre Classification of web pages},
  author={Jebari, Chaker},
  journal={Procesamiento del Lenguaje Natural},
  volume={54},
  pages={13--20},
  year={2015}
}

@article{kumari2012performance,
  title={Performance improvement of web page genre classification},
  author={Kumari, K Pranitha and Reddy, A Venugopal},
  journal={International Journal of Computer Applications},
  volume={53},
  number={10},
  year={2012},
  publisher={Foundation of Computer Science}
}

@article{kumari2014web,
  title={Web page genre classification: Impact of n-gram lengths},
  author={Kumari, K Pranitha and Reddy, A Venugopal and Fatima, S Sameen},
  journal={International Journal of Computer Applications},
  volume={88},
  number={13},
  year={2014},
  publisher={Foundation of Computer Science}
}

@incollection{madjarov2015web,
  title={Web Genre Classification via Hierarchical Multi-label Classification},
  author={Madjarov, Gjorgji and Vidulin, Vedrana and Dimitrovski, Ivica and Kocev, Dragi},
  booktitle={Intelligent Data Engineering and Automated Learning--IDEAL 2015},
  pages={9--17},
  year={2015},
  publisher={Springer}
}

@article{petrenz2011stable,
  title={Stable classification of text genres},
  author={Petrenz, Philipp and Webber, Bonnie},
  journal={Computational Linguistics},
  volume={37},
  number={2},
  pages={385--393},
  year={2011},
  publisher={MIT Press}
}

@article{priyatam2013don_URL,
  title={Don’t Use a Lot When Little Will Do: Genre Identification Using URLs},
  author={Priyatam, Pattisapu Nikhil and Iyengar, Srinivasan and Perumal, Krish and Varma, Vasudeva},
  journal={Research in Computing Science},
  volume={70},
  pages={207--218},
  year={2013}
}

@inproceedings{gollapalli2011identifying,
  title={On identifying academic homepages for digital libraries},
  author={Gollapalli, Sujatha Das and Giles, C Lee and Mitra, Prasenjit and Caragea, Cornelia},
  booktitle={Proceedings of the 11th annual international ACM/IEEE joint conference on Digital libraries},
  pages={123--132},
  year={2011},
  organization={ACM}
}

@inproceedings{wu2010fine,
  title={Fine-grained genre classification using structural learning algorithms},
  author={Wu, Zhili and Markert, Katja and Sharoff, Serge},
  booktitle={Proceedings of the 48th Annual Meeting of the Association for Computational Linguistics},
  pages={749--759},
  year={2010},
  organization={Association for Computational Linguistics}
}

@inproceedings{levering2008using,
  title={Using visual features for fine-grained genre classification of web pages},
  author={Levering, Ryan and Cutler, Michal and Yu, Lei},
  booktitle={Hawaii International Conference on System Sciences, Proceedings of the 41st Annual},
  pages={131--131},
  year={2008},
  organization={IEEE}
}


%Considerig Philosophy of Genre and Web Genre notion.

@incollection{crowston2011problems,
  title={Problems in the use-centered development of a taxonomy of web genres},
  author={Crowston, Kevin and Kwa{\'s}nik, Barbara and Rubleske, Joseph},
  booktitle={Genres on the Web},
  pages={69--84},
  year={2011},
  publisher={Springer}
}

@article{coutinho2009describe,
  title={To describe genres: problems and strategies},
  author={Coutinho, Maria Ant{\'o}nia and Miranda, Florencia},
  journal={Genre in a Changing World. Fort Collins, Colorado: The WAC Clearinghouse},
  pages={35--55},
  year={2009}
}

%Considering Graph-Based Classification or Ranking

@article{asheghi2014semi,
  title={Semi-supervised Graph-based Genre Classification for Web Pages},
  author={Asheghi, Noushin Rezapour and Markert, Katja and Sharoff, Serge},
  journal={TextGraphs-9},
  pages={39},
  year={2014}
}

@incollection{zhu2011enhance,
  title={Enhance web pages genre identification using neighboring pages},
  author={Zhu, Jia and Zhou, Xiaofang and Fung, Gabriel},
  booktitle={Web Information System Engineering--WISE 2011},
  pages={282--289},
  year={2011},
  publisher={Springer}
}

%Considering OCC

@article{manevitz2002one,
  title={{One-class svms for document classification}},
  author={Manevitz, L.M. and Yousef, M.},
  journal={The Journal of Machine Learning Research},
  volume={2},
  pages={139--154},
  issn={1532-4435},
  year={2002},
  publisher={JMLR. org}
}

%Considering Open-set Classification

@incollection{pritsos2013open,
  title={Open-Set classification for automated genre identification},
  author={Pritsos, Dimitrios A and Stamatatos, Efstathios},
  booktitle={Advances in Information Retrieval},
  pages={207--217},
  year={2013},
  publisher={Springer}
}

@incollection{pritsos2015clef,
  title={The Impact of Noise in Web Genre Identification},
  author={Pritsos, Dimitrios and Stamatatos, Efstathios},
  booktitle={Experimental IR Meets Multilinguality, Multimodality, and Interaction},
  pages={268--273},
  year={2015},
  publisher={Springer}
}

%Considering Noise

@inproceedings{dong2008examination,
  title={An examination of genre attributes for Web page classification},
  author={Dong, Lei and Watters, Carolyn and Duffy, Jack and Shepherd, Michael},
  booktitle={Hawaii International Conference on System Sciences, Proceedings of the 41st Annual},
  pages={133--133},
  year={2008},
  organization={IEEE}
}

%Considering Term Weighting Schemes

@article{sugiyanto2014term,
  title={TERM WEIGHTING BASED ON INDEX OF GENRE FOR WEB PAGE GENRE CLASSIFICATION},
  author={Sugiyanto, Sugiyanto and Rozi, Nanang Fakhrur and Putri, Tesa Eranti and Arifin, Agus Zainal},
  journal={JUTI: Jurnal Ilmiah Teknologi Informasi},
  volume={12},
  number={1},
  pages={27--34},
  year={2014}
}

@inproceedings{kennedy2005automatic,
  title={Automatic identification of home pages on the web},
  author={Kennedy, Alistair and Shepherd, Michael},
  booktitle={System Sciences, 2005. HICSS'05. Proceedings of the 38th Annual Hawaii International Conference on},
  pages={99c--99c},
  year={2005},
  organization={IEEE}
}

%Considering Test on Users

@inproceedings{roussinov2001genre,
  title={Genre based navigation on the web},
  author={Roussinov, Dmitri and Crowston, Kevin and Nilan, Mike and Kwasnik, Barbara and Cai, Jin and Liu, Xiaoyong},
  booktitle={System Sciences, 2001. Proceedings of the 34th Annual Hawaii International Conference on},
  pages={10--pp},
  year={2001},
  organization={IEEE}
}

#Considering the rest of the previous work so far

@incollection{santini2011cross,
  title={Cross-testing a genre classification model for the web},
  author={Santini, Marina},
  booktitle={Genres on the Web},
  pages={87--128},
  year={2011},
  publisher={Springer}
}

@inproceedings{joho2004spirit,
  title={The SPIRIT collection: an overview of a large web collection},
  author={Joho, Hideo and Sanderson, Mark},
  booktitle={ACM SIGIR Forum},
  volume={38},
  number={2},
  pages={57--61},
  year={2004},
  organization={ACM}
}

@phdthesis{santini2007automatic,
  title={Automatic identification of genre in web pages},
  author={Santini, M.},
  year={2007},
  school={University of Brighton}
}

@article{Braslavski2007,
  title={Combining relevance and genre-related rankings: An exploratory study},
  author={Braslavski, P.},
  journal={In Proceedings of the international workshop towards genreenabled search engines: The impact of NLP},
  pages={1-4},
  year={2007},
}

@inproceedings{zhang2003properties,
  title={Properties of binary vector dissimilarity measures},
  author={Zhang, B. and Srihari, S.N.},
  booktitle={Proc. JCIS Int'l Conf. Computer Vision, Pattern Recognition, and Image Processing},
  volume={1},
  year={2003}
}

@inproceedings{sharoff2010web,
  title={The Web library of Babel: evaluating genre collections},
  author={Sharoff, S. and Wu, Z. and Markert, K.},
  booktitle={Proceedings of the Seventh Conference on International Language Resources and Evaluation},
  pages={3063--3070},
  year={2010}
}

@conference{mason2009distance,
  title={{Classifying web pages by genre: A distance function approach}},
  author={Mason, J. and Shepherd, M. and Duffy, J.},
  booktitle={Proceedings of the 5th International Conference on Web Information Systems and Technologies (WEBIST 2009)},
  year={2009}
}

@article{yu2005single,
  title={{Single-class classification with mapping convergence}},
  author={Yu, H.},
  journal={Machine Learning},
  volume={61},
  number={1},
  pages={49--69},
  issn={0885-6125},
  year={2005},
  publisher={Springer}
}

@conference{feldman2009classifying,
  title={{Classifying factored genres with part-of-speech histograms}},
  author={Feldman, S. and Marin, M. and Medero, J. and Ostendorf, M.},
  booktitle={Proceedings of Human Language Technologies: The 2009 Annual Conference of the NACACL, Companion Volume: Short Papers},
  pages={173--176},
  year={2009},
  organization={Association for Computational Linguistics}
}

@article{santini2009web,
  title={{Web genre benchmark under construction}},
  author={Santini, M. and Sharoff, S.},
  journal={Journal for Language Technology and Computational Linguistics},
  volume={24},
  number={1},
  pages={129--145},
  year={2009},
  publisher={Citeseer}
}

@conference{mason2009n,
  title={{An n-gram based approach to automatically identifying web page genre}},
  author={Mason, J.E. and Shepherd, M. and Duffy, J.},
  booktitle={hicss},
  pages={1--10},
  year={2009},
  organization={IEEE Computer Society}
}

@conference{li2003learning,
  title={{Learning to classify texts using positive and unlabeled data}},
  author={Li, X. and Liu, B.},
  booktitle={International joint Conference on Artificial Intelligence},
  volume={18},
  pages={587--594},
  issn={1045-0823},
  year={2003},
  organization={Citeseer}
}

%Considering Author Attribution/Identification

@article{koppel2014determining,
  title={Determining if two documents are written by the same author},
  author={Koppel, Moshe and Winter, Yaron},
  journal={Journal of the Association for Information Science and Technology},
  volume={65},
  number={1},
  pages={178--187},
  year={2014},
  publisher={Wiley Online Library}
}

@article{stamatatos2009survey,
  title={A survey of modern authorship attribution methods},
  author={Stamatatos, E.},
  journal={Journal of the American Society for information Science and Technology},
  volume={60},
  number={3},
  pages={538--556},
  year={2009},
  publisher={Wiley Online Library}
}

%Considering Applications

@phdthesis{rosso2005using,
  title={Using genre to improve web search},
  author={Rosso, Mark A},
  year={2005},
  school={Citeseer}
}

@article{de2009genre,
  title={A genre-aware approach to focused crawling},
  author={De Assis, Guilherme T and Laender, Alberto HF and Gon{\c{c}}alves, Marcos Andr{\'e} and Da Silva, Altigran S},
  journal={World Wide Web},
  volume={12},
  number={3},
  pages={285--319},
  year={2009},
  publisher={Springer}
}

@article{shepherd2004cybergenre,
  title={Cybergenre: Automatic Identification of Home Pages on the Web.},
  author={Shepherd, Michael A and Watters, Carolyn R and Kennedy, Alistair},
  journal={J. Web Eng.},
  volume={3},
  number={3-4},
  pages={236--251},
  year={2004}
}

%Considering Test on Users

@book{mehler2010genres_on_web,
  title={Genres on the Web: Computational Models and Empirical Studies},
  author={Mehler, A. and Sharoff, S. and Santini, M.},
  isbn={9789048191789},
  lccn={2010933721},
  series={Text, Speech and Language Technology},
  year={2010},
  publisher={Springer}
}

@article{Anderka2011,
  title={Detection of text quality as as a one-class classification problem},
  author={Anderka, M., Stein, B., Lipka, N.},
  journal={20th ACM International Conference on Information and Knowledge Management (CIKM'11)},
  pages={2313--2316},
  year={2011},
  publisher={ACM}
}

@article{ferretti2012use,
  title={On the Use of PU Learning for Quality Flaw Prediction in Wikipedia},
  author={Ferretti, E. and Fusilier, D.H. and Cabrera, R.G. and y G{\'o}mez, M.M. and Errecalde, M. and Rosso, P.},
  journal={Working Notes, CLEF 2012 Evaluation Labs and Workshop, 17-20 Rome, Italy.},
  year={2012}
}

@article{Lim2005,
  title={Multiple sets of features for automatic genre classification of web documents},
  author={Lim, C. S., {\relax Lee, } K. J., , {\relax Kim, }, G. C.},
  journal={Information Processing and Management},
  volume={41},
  number={5},
  pages={1263--1276},
  year={2005},
}

@phdthesis{Rosso2005,
  title={Using genre to improve web search},
  author={Rosso, M.},
  year={2005},
  school={University of North Carolina at Chapel Hill}
}

@article{koppel2011authorship,
  title={Authorship attribution in the wild},
  author={Koppel, M. and Schler, J. and Argamon, S.},
  journal={Language Resources and Evaluation},
  volume={45},
  number={1},
  pages={83--94},
  year={2011},
  publisher={Springer}
}

@article{khan2010survey,
  title={{A survey of recent trends in one class classification}},
  author={Khan, S. and Madden, M.},
  journal={Artificial Intelligence and Cognitive Science},
  pages={188--197},
  year={2010},
  publisher={Springer}
}

@conference{mason2009classifying,
  title={{Classifying Web Pages by Genre: An n-Gram Approach}},
  author={Mason, J.E. and Shepherd, M. and Duffy, J.},
  booktitle={2009 IEEE/WIC/ACM International Conference on Web Intelligence and Intelligent Agent Technology},
  pages={458--465},
  year={2009},
  organization={IEEE}
}

@article{scholkopf1999estimating,
  title={{Estimating the support of a high-dimensional distribution}},
  author={Scholkopf, B. and Platt, J.C. and Shawe-Taylor, J. and Smola, A.J. and Williamson, R.C.},
  journal={Technical Report MSR-TR-99-87},
  year={1999},
  publisher={Microsoft Research, Redmond, WA 98052}
}

@article{meyer2004genre,
  title={Genre classification of web pages},
  author={Meyer zu Eissen, S. and Stein, B.},
  journal={KI 2004: Advances in Artificial Intelligence},
  pages={256--269},
  year={2004},
  publisher={Springer}
}

@article{santini2005linguistic,
  title={{Linguistic facets for genre and text type identification: A description of linguistically-motivated features}},
  author={Santini, M.},
  journal={ITRI report series: ITRI-05},
  volume={2},
  year={2005}
}

@article{dong2006binary,
  title={{Binary cybergenre classification using theoretic feature measures}},
  author={Dong, L. and Watters, C. and Duffy, J. and Shepherd, M.},
  year={2006},
  publisher={IEEE Computer Society}
}

@article{houvardas2006n,
  title={{N-gram feature selection for authorship identification}},
  author={Houvardas, J. and Stamatatos, E.},
  journal={Artificial Intelligence: Methodology, Systems, and Applications},
  pages={77--86},
  year={2006},
  publisher={Springer}
}

@article{mccarthy2009psychological,
  title={{A psychological and computational study of sub-sentential genre recognition}},
  author={McCarthy, P.M. and Myers, J.C. and Briner, S.W. and Graesser, A.C. and McNamara, D.S.},
  journal={Journal for Language Technology and Computational Linguistics},
  volume={24},
  pages={23--55},
  year={2009},
  publisher={Citeseer}
}

@article{kanaris2009learning,
  title={{Learning to recognize webpage genres}},
  author={Kanaris, I. and Stamatatos, E.},
  journal={Information Processing \& Management},
  volume={45},
  number={5},
  pages={499--512},
  issn={0306-4573},
  year={2009},
  publisher={Elsevier}
}

@conference{joachims1997probabilistic,
  title={{A probabilistic analysis of the Rocchio algorithm with TFIDF for text categorization}},
  author={Joachims, T.},
  booktitle={Machine Learning-International Workshop then Conference-},
  pages={143--151},
  year={1997},
  organization={Citeseer}
}

@conference{liu2002partially,
  title={{Partially supervised classification of text documents}},
  author={Liu, B. and Lee, W.S. and Yu, P.S. and Li, X.},
  booktitle={MACHINE LEARNING-INTERNATIONAL WORKSHOP THEN CONFERENCE-},
  pages={387--394},
  year={2002},
  organization={Citeseer}
}

@article{olston2010web,
  title={{Web Crawling}},
  author={Olston, C. and Najork, M.},
  journal={Information Retrieval},
  volume={4},
  number={3},
  pages={175--246},
  year={2010},
  publisher={Nowpublishers}
}

@book{manning2008introduction,
  title={{Introduction to information retrieval}},
  author={Manning, C.D. and Raghavan, P. and Schutze, H. and Ebooks Corporation},
  volume={1},
  year={2008},
  publisher={Cambridge University Press Cambridge, UK}
}

@article{bishop2006,
  title={{Pattern Recognition and Machine Learning}},
  author={Bishop, C.M.},
  pages={331--336},
  year={2006},
  publisher={Springer}
}

@article{sebastiani2002,
 author = {Fabrizio Sebastiani},
 title = {Machine learning in automated text categorization},
 journal = {ACM Comput. Surv.},
 volume = {34},
 number = {1},
 year = {2002},
 issn = {0360-0300},
 pages = {1--47},
 doi = {http://doi.acm.org/10.1145/505282.505283},
 publisher = {ACM},
 address = {New York, NY, USA},
 }

@inproceedings{pardo2009detecting,
  title={Detecting blogs independently from the language and content},
  author={Pardo, Francisco Manuel Rangel and Padilla, Anselmo Pe{\~n}as},
  booktitle={1st International Workshop on Mining Social Media (MSM09-CAEPIA09)},
  year={2009},
  organization={Citeseer}
}

@article{stubbe2007genre,
  title={Genre as noise: Noise in genre},
  author={Stubbe, Andrea and Ringlstetter, Christoph and Schulz, Klaus U},
  journal={International Journal of Document Analysis and Recognition (IJDAR)},
  volume={10},
  number={3-4},
  pages={199--209},
  year={2007},
  publisher={Springer}
}

@PhdThesis{Asheghi2015,
  title={Human Annotation and Automatic Detection of Web Genres},
  author={Noushin Rezapour Asheghi},
  school={University of Leeds},
  year={2015},
}

@article {Rosso2008,
  author = {Rosso, Mark A.},
  title = {User-based identification of Web genres},
  journal = {Journal of the American Society for Information Science and Technology},
  volume = {59},
  number = {7},
  publisher = {Wiley Subscription Services, Inc., A Wiley Company},
  issn = {1532-2890},
  url = {http://dx.doi.org/10.1002/asi.20798},
  doi = {10.1002/asi.20798},
  pages = {1053--1072},
  year = {2008},
}

@inproceedings{Nooralahzadeh2014,
  author = {Farhad Nooralahzadeh and Caroline Brun and Claude Roux},
  title = {Part of Speech Tagging for French Social Media Data},
  booktitle = {{COLING} 2014, 25th International Conference on Computational Linguistics, Proceedings of the Conference: Technical Papers, August 23-29, 2014, Dublin, Ireland},
  pages = {1764--1772},
  year = {2014}
}

@inproceedings{Boese2005,
  title={Effects of web document evolution on genre classification},
  author={Boese, Elizabeth Sugar and Howe, Adele E},
  booktitle={Proceedings of the 14th ACM international conference on Information and knowledge management},
  pages={632--639},
  year={2005},
  organization={ACM}
}

@inproceedings{Vidulin2007,
  title={Using genres to improve search engines},
  author={Vidulin, Vedrana and Lu{\v{s}}trek, Mitja and Gams, Matja{\v{z}}},
  booktitle={Proc. of the Int. Workshop Towards Genre-Enabled Search Engines},
  pages={45--51},
  year={2007}
}

@inproceedings{Sharroff2010,
  title={The Web Library of Babel: evaluating genre collections.},
  author={Sharoff, Serge and Wu, Zhili and Markert, Katja},
  booktitle={LREC},
  year={2010},
  organization={Citeseer}
}

@article{mendesjunior2016,
  title={Nearest neighbors distance ratio open-set classifier},
  author={Mendes J{\'u}nior, Pedro R and de Souza, Roberto M and Werneck, Rafael de O and Stein, Bernardo V and Pazinato, Daniel V and de Almeida, Waldir R and Penatti, Ot{\'a}vio AB and Torres, Ricardo da S and Rocha, Anderson},
  journal={Machine Learning},
  pages={1--28},
  publisher={Springer},
  year={2016},
}

% ********** End of bibliography **********

@Article{Malhotra:2017,
author="Malhotra, Ruchika
and Sharma, Anjali",
title="Quantitative evaluation of web metrics for automatic genre classification of web pages",
journal="International Journal of System Assurance Engineering and Management",
year="2017",
month="Nov",
day="01",
volume="8",
number="2",
pages="1567--1579"
}

@PhdThesis{Stewart:2009,
  title={Genre oriented summarization},
  author={Jade Goldstein Stewart},
  school={Carnegie Mellon University},
  year={2009},
}
